% Add all biblatex entries to this file.
